@string{ JASA = "Journal of the American Statistical Association" }
@string{ SPE = "Software---Practice and Experience" }

@article{AbdaliSaunders85,
	author = "S. Kamal Abdali and B. David Saunders",
	title = "Transitive Closure and Related Semiring Properties via
		Eliminants",
	journal = TCS,
	volume = 40,
	pages = "257--274",
	year = 1985	}

@article{AhoCorasick75,
	author = "Alfred V. Aho and Margaret J. Corasick",
	title = "Efficient String Matching: An Aid to Bibliographic
		Research",
	journal = CACM,
	volume = 18,
	number = 6,
	pages = "333--340",
	year = 1975	}

@book{AHU74,
	author = "Alfred V. Aho and John E. Hopcroft and Jeffrey D. Ullman",
	title = "Design and Analysis of Computer Algorithms",
	publisher = "Addison-Wesley",
	address = "Reading, Mass",
	year = 1974	}

@article{AHU76,
	author = "A. V. Aho and D. S. Hirschberg and J. D. Ullman",
	title = "Bounds on the Complexity of the Longest Common Subsequence
		Problem",
	journal = JACM,
	volume = 23,
	number = 1,
	pages = "1--12",
	year = 1976	}

@book{ASU86,
	author = "Alfred V. Aho and Ravi Sethi and Jeffrey D. Ullman",
	title = "Compilers: Principles, Techniques, and Tools",
	publisher = "Addison-Wesley",
	address = "Reading, Mass",
	year = 1986	}

@book{AhoUllman72,
	author = "Alfred V. Aho and Jeffrey D. Ullman",
	title = "The Theory of Parsing, Translation and Compiling, Vol. I:
		Parsing",
	publisher = "Prentice-Hall",
	address = "Englewood Cliffs, N.J.",
	year = 1972	}

@book{AhoUllman73,
	author = "Alfred V. Aho and Jeffrey D. Ullman",
	title = "The Theory of Parsing, Translation and Compiling, Vol. II:
		Compiling",
	publisher = "Prentice-Hall",
	address = "Englewood Cliffs, N.J.",
	year = 1973	}

@book{AhoUllman77,
	author = "Alfred V. Aho and Jeffrey D. Ullman",
	title = "Principles of Compiler Design",
	publisher = "Addison-Wesley",
	address = "Reading, Mass",
	year = 1977	}

@book{ApostolicoGalil85,
	editor = "Alberto Apostolico and Zvi Galil",
	title = "Combinatorial Algorithms on Words",
	series = "NATO ASI Series",
	volume = "F12",
	publisher = "Springer-Verlag",
	address = "Heidelberg",
	year = 1985	}

@inproceedings{Apostolico85,
	author = "Alberto Apostolico",
	title = "The Myriad Virtues of Suffix Trees",
	booktitle = "Combinatorial Algorithms on Words,
		NATO ASI Series, Vol. F12",
	editor = "Alberto Apostolico and Zvi Galil",
	publisher = "Springer-Verlag",
	address = "Heidelberg",
	pages = "85--96",
	year = 1985	}

@book{Berstel79,
	author = "Jean Berstel",
	title = "Transductions and Context-Free Languages",
	publisher = "B. G. Teubner",
	address = "Stuttgart, Germany",
	year = 1979	}

@article{BackhouseCarre75,
	author = "R. C. Backhouse and B. A. Carr\'e",
	title = "Regular Algebra applied to Path-finding Problems",
	journal = "J. Inst. Math. Appl.",
	volume = 15,
	pages = "161--186",
	year = 1975	}

@article{Barth81,
	author = "Gerhard Barth",
	title = "An Alternative for the Implementation of the
		{K}nuth-{M}orris-{P}ratt Algorithm",
	journal = IPL,
	volume = 13,
	number = "4,5",
	year = 1981	}

@article{Bird73,
	author = "Malcolm Bird",
	title = "The Equivalence Problem for Deterministic Two-Tape Automata",
	journal = JCSS,
	volume = 7,
	pages = "218--236",
	year = 1973	}

@article{BlattnerHead77,
	author = "Meera Blattner and Tom Head",
	title = "Single Valued $a$-transducers",
	journal = JCSS,
	volume = 15,
	pages = "310--327",
	year = 1977	}

@inproceedings{BBEHM84,
	author = "A. Blumer and J. Blumer and A. Ehrenfeucht and
		D. Haussler and R. McConnell",
	title = "Building a Complete Inverted File for a Set of Text Files
		in Linear Time",
	booktitle = "Proceedings of the 16th Annual ACM Symposium on Theory
		of Computing",
	pages = "349--358",
	year = 1984	}

@article{BBHECS85,
	author = "A. Blumer and J. Blumer and D. Haussler and
		A. Ehrenfeucht and M. T. Chen and J. Seiferas",
	title = "The Smallest Automaton Recognizing the Subwords of a
		Text",
	journal = TCS,
	volume = 40,
	pages = "31--55",
	year = 1985	}

@article{BBHME87,
	author = "A. Blumer and J. Blumer and D. Haussler and
		R. McConnell and A. Ehrenfeucht",
	title = "Complete Inverted Files for Efficient Text Retrieval
		and Analysis",
	journal = JACM,
	volume = 34,
	number = 3,
	pages = "578--595",
	year = 1987	}

@article{BoyerMoore77,
	author = "Robert S. Boyer and J. Strother Moore",
	title = "A Fast String Searching Algorithm",
	journal = CACM,
	volume = 20,
	number = 10,
	pages = "762--772",
	year = 1977	}

@book{Carre79,
	author = "B. A. Carr\'e",
	title = "Graphs and Networks",
	publisher = "Clarendon Press",
	address = "Oxford",
	year = 1979	}

@inproceedings{ChenSeiferas85,
	author = "M. T. Chen and Joel Seiferas",
	title = "Efficient and Elegant Subword-Tree Construction",
	booktitle = "Combinatorial Algorithms on Words,
		NATO ASI Series, Vol. F12",
	editor = "Alberto Apostolico and Zvi Galil",
	publisher = "Springer-Verlag",
	address = "Heidelberg",
	pages = "97--107",
	year = 1985	}

@article{Choffrut77,
	author = "Christian Choffrut",
	title = "Une Caract\'erisation des Fonctions S\'e\-quen\-tiel\-les
		et des Fonctions Sous-s\'equentielles en tant que Relations
		Rationnelles",
	journal = TCS,
	volume = 5,
	pages = "325--338",
	year = 1977	}

@inproceedings{Choffrut79,
	author = "Christian Choffrut",
	title = "A Generalization of {G}insburg and {R}ose's
		Characterization of {G}-{S}-{M} Mappings",
	booktitle = "Proceedings of the 6th International Conference
		on Automata, Languages, and Programming",
	publisher = "Springer-Verlag LNCS 71",
	pages = "88--103",
	year = 1979	}

@article{CormackHorspool86,
	author = "G. V. Cormack and R. N. S. Horspool",
	title = "Data Compression using {M}arkov Modelling",
	journal = "Computer Journal",
	note = "To appear",
	year = 1986	}

@inproceedings{Crochemore85,
	author = "Maxime Crochemore",
	title = "Optimal Factor Transducers",
	booktitle = "Combinatorial Algorithms on Words,
		NATO ASI Series, Vol. F12",
	editor = "Alberto Apostolico and Zvi Galil",
	publisher = "Springer-Verlag",
	address = "Heidelberg",
	pages = "31--43",
	year = 1985	}

@article{CulikCohen73,
	author = "Karel {{C}ulik II} and Rina Cohen",
	title = "{LR}-{R}egular Grammars---an Extension of {LR}($k$)
		Grammars",
	journal = JCSS,
	volume = 7,
	number = 1,
	pages = "66--96",
	year = 1973	}

@article{Damerau64,
	author = "Fred J. Damerau",
	title = "A Technique for Computer Detection and Correction of
		Spelling Errors",
	journal = CACM,
	volume = 7,
	number = 3,
	pages = "171--176",
	year = 1964	}

@article{Davidson62,
	author = "Leon Davidson",
	title = "Retrieval of Misspelled Names in an Airlines Passenger
		Record System",
	journal = CACM,
	volume = 5,
	number = 3,
	pages = "169--171",
	year = 1962	}

@book{EilenbergA74,
	author = "Samuel Eilenberg",
	title = "Automata, Languages, and Machines, vol. A",
	publisher = "Academic Press",
	address = "New York",
	year = 1974	}

@article{ElgotMezei65,
	author = "C. C. Elgot and J. E. Mezei",
	title = "On Relations Defined by Generalized Finite Automata",
	journal = "IBM Journal of Research",
	volume = 9,
	pages = "47--65",
	year = 1965	}

@article{Faloutsos85,
	author = "Christos Faloutsos",
	title = "Access Methods for Text",
	journal = ACMCS,
	volume = 17,
	number = 1,
	pages = "49--74",
	year = 1985	}

@inproceedings{FischerPaterson74,
	author = "Michael J. Fischer and Michael S. Paterson",
	title = "String-Matching and Other Products",
	booktitle = "Complexity of Computation,
		SIAM-AMS Proceedings, Vol. 7",
	editor = "R. M. Karp",
	publisher = "American Mathematical Society",
	address = "Providence, R.I.",
	pages = "113--125",
	year = 1974	}

@article{FischerRosenberg68,
	author = "Patrick C. Fischer and Arnold L. Rosenberg",
	title = "Multitape One-Way Nonwriting Automata",
	journal = JCSS,
	volume = 2,
	pages = "88--101",
	year = 1968	}

@article{FellegiSunter69,
	author = "Ivan P. Fellegi and Alan B. Sunter",
	title = "A Theory of Record Linkage",
	journal = JASA,
	volume = 64,
	pages = "1183--1210",
	year = 1969	}

@article{Galil79,
	author = "Zvi Galil",
	title = "On Improving the Worst Case Running Time of The
		{B}oyer-{M}oore String Matching Algorithm",
	journal = CACM,
	volume = 22,
	number = 9,
	pages = "505--508",
	year = 1979	}

@article{Galil81,
	author = "Zvi Galil",
	title = "String Matching in Real Time",
	journal = JACM,
	volume = 28,
	number = 1,
	pages = "134--149",
	year = 1981	}

@inproceedings{Galil85,
	author = "Zvi Galil",
	title = "Open Problems in Stringology",
	booktitle = "Combinatorial Algorithms on Words,
		NATO ASI Series, Vol. F12",
	editor = "Alberto Apostolico and Zvi Galil",
	publisher = "Springer-Verlag",
	address = "Heidelberg",
	pages = "1--8",
	year = 1985	}

@article{GalilSeiferas78,
	author = "Zvi Galil and Joel Seiferas",
	title = "A Linear-Time On-Line Recognition Algorithm for
		``Palstar''",
	journal = JACM,
	volume = 25,
	number = 1,
	pages = "102--111",
	year = 1978	}

@article{GalilSeiferas83,
	author = "Zvi Galil and Joel Seiferas",
	title = "Time-Space-Optimal String Matching",
	journal = JCSS,
	volume = 26,
	pages = "280--294",
	year = 1983	}

@book{Ginsburg66,
	author = "Seymour Ginsburg",
	title = "The Mathematical Theory of Context-Free Languages",
	publisher = "McGraw-Hill",
	address = "New York",
	year = 1966	}

@book{GPP71,
	author = "R. E. Griswold and J. F. Poage and I. P. Polonsky",
	title = "The SNOBOL4 Programming Language",
	publisher = "Prentice-Hall",
	address = "Englewood Cliffs, NJ",
	year = 1971	}

@article{HallDowling80,
	author = "P. A. V. Hall and G. R. Dowling",
	title = "Approximate String Matching",
	journal = ACMCS,
	volume = 12,
	number = 4,
	pages = "381--402",
	year = 1980	}

@article{Harrison71,
	author = "Malcolm C. Harrison",
	title = "Implementation of the Substring Test by Hashing",
	journal = CACM,
	volume = 14,
	number = 12,
	pages = "777--779",
	year = 1971	}

@book{Harrison78,
	author = "M. A. Harrison",
	title = "Introduction to Formal Language Theory",
	publisher = "Addison-Wesley",
	address = "Reading, Masss.",
	year = 1978	}

@article{Hirschberg75,
	author = "D. S. Hirschberg",
	title = "A Linear Space Algorithm for Computing Maximal Common
		Subsequences",
	journal = JACM,
	volume = 18,
	number = 6,
	pages = "341--343",
	year = 1975	}

@book{HopcroftUllman79,
	author = "John E. Hopcroft and Jeffrey D. Ullman",
	title = "Introduction to Automata Theory, Languages, and Computation",
	publisher = "Addison-Wesley",
	address = "Reading, Mass",
	year = 1979	}

@article{Horspool80,
	author = "R. Nigel Horspool",
	title = "Practical Fast Searching in Strings",
	journal = SPE,
	volume = 10,
	pages = "501--506",
	year = 1980	}

@mastersthesis{Kazman86,
	author = "Rick Kazman",
	title = "Structuring the Text of the Oxford English Dictionary
		through Finite State Transduction",
	school = "University of Waterloo",
	note = "Available as University of Waterloo Research
		Report CS--86--20",
	year = 1986	}

@article{KMP77,
	author = "Donald E. Knuth and Morris, Jr., James H. and
		Vaughan R. Pratt",
	title = "Fast Pattern Matching in Strings",
	journal = SICOMP,
	volume = 6,
	number = 2,
	pages = "323--350",
	year = 1977	}

@book{Knuth173,
	author = "Donald E. Knuth",
	title = "Fundamental Algorithms, 2nd ed.",
	publisher = "Addison-Wesley",
	address = "Reading, Mass.",
	year = 1973	}

@book{Knuth373,
	author = "Donald E. Knuth",
	title = "Sorting and Searching",
	publisher = "Addison-Wesley",
	address = "Reading, Mass.",
	year = 1973	}

@techreport{Koskenniemi83,
	author = "Kimmo Koskenniemi",
	title = "Two-Level Morphology: A General Computational Model for
		Word-Form Recognition and Production",
	number = 11,
	institution = "University of Helsinki, Department of General
		Linguistics",
	year = 1983	}

@book{KuichSalomaa86,
	author = "Werner Kuich and Arto Salomaa",
	title = "Semirings, Automata, Languages",
	publisher = "Springer-Verlag",
	address = "Berlin",
	year = 1986	}

@techreport{LandauVishkin85,
	author = "Gad M. Landau and Uzi Vishkin",
	title = "Efficient String Matching with $k$ Differences",
	number = 186,
	institution = "New York University",
	year = 1985	}

@article{LandauVishkin86,
	author = "Gad M. Landau and Uzi Vishkin",
	title = "Efficient String Matching with $k$ Mismatches",
	journal = TCS,
	volume = 43,
	pages = "239--249",
	year = 1986	}

@article{LeeuwenNivat82,
	author = "Jan van Leeuwen and Maurice Nivat",
	title = "Efficient Recognition of Rational Relations",
	journal = IPL,
	volume = 14,
	number = 1,
	pages = "34--38",
	year = 1982	}

@article{Lehmann77,
	author = "D. J. Lehmann",
	title = "Algebraic Structures for Transitive Closure",
	journal = TCS,
	volume = 4,
	number = 1,
	pages = "59--76",
	year = 1977	}

@manual{LeskSchmidt78,
	author = "Mike E. Lesk and E. Schmidt",
	title = "Lex---a Lexical Analyzer Generator",
	publisher = "Bell Laboratories",
	address = "Murray Hill, NJ",
	year = 1978	}

@article{MajsterReiser80,
	author = "M. E. Majster and A. Reiser",
	title = "Efficient On-Line Construction and Correction of Position
		Trees",
	journal = SICOMP,
	volume = 6,
	number = 2,
	pages = "785--807",
	year = 1980	}

@article{MasekPaterson80,
	author = "William J. Masek and Michael S. Paterson",
	title = "A Faster Algorithm for Computing String-edit Distances",
	journal = JCSS,
	volume = 20,
	number = 1,
	pages = "18--31",
	year = 1980	}

@techreport{MKTM77,
	author = "Gwendolyn B. Moore and John L. Kuhns and
		Jeffrey L. Trefftzs and Christine A. Montgomery",
	title = "Accessing Individual Records from Personal Data Files using
		Non-unique Identifiers",
	number = "NBS Special Publication 500--2",
	institution = "U.S. Dept.\ of Commerce---National Bureau of Standards",
	year = 1977,
	note = "Available from the National Technical Information Service" }

@article{Morrison68,
	author = "D. R. Morrison",
	title = "{PATRICIA}---Practical Algorithm to Retrieve Information
		Coded in Alphanumeric",
	journal = JACM,
	volume = 15,
	number = 4,
	pages = "514--534",
	year = 1968	}

@article{NKAJ59,
	author = "H. B. Newcombe and J. M. Kennedy and S. J. Axford and
		A. P. James",
	title = "Automatic Linkage of Vital Records",
	journal = "Science",
	volume = 130,
	pages = "954--959",
	year = 1959	}

@article{NewcombeKennedy62,
	author = "H. B. Newcombe and J. M. Kennedy",
	title = "Record Linkage: Making Maximum Use of the Discriminating
		Power of Identifying Information",
	journal = CACM,
	volume = 5,
	number = 11,
	pages = "563--566",
	year = 1962	}

@article{Nivat68,
	author = "Maurice Nivat",
	title = "Transductions des Langages de {C}homsky",
	journal = "Ann. de l'Inst. Fourier",
	volume = 18,
	pages = "339--456",
	year = 1968	}

@article{Rivest77,
	author = "Ronald L. Rivest",
	title = "On the Worst-Case Behaviour of String-Searching
		Algorithms",
	journal = SICOMP,
	volume = 6,
	number = 4,
	pages = "669--674",
	year = 1977	}

@article{Sakarovitch83,
	author = "Jacques Sakarovitch",
	title = "Deux Remarques sur un Th\'eor\`eme de {S}. {E}ilenberg",
	journal = "R.A.I.R.O. Informatique th\'eorique",
	volume = 17,
	number = 1,
	pages = "23--48",
	year = 1983	}

@book{Salomaa81,
	author = "Arto Salomaa",
	title = "Jewels of Formal Language Theory",
	publisher = "Computer Science Press",
	address = "Rockville, Maryland",
	year = 1981	}

@book{SalomaaSoittola78,
	author = "Arto Salomaa and Matti Soittola",
	title = "Automata-Theoretic Aspects of Formal Power Series",
	publisher = "Springer-Verlag",
	address = "New York",
	year = 1978	}

@book{SankoffKruskal83,
	editor = "David Sankoff and Joseph B. Kruskal",
	title = "Time Warps, String Edits, and Macromolecules: The Theory
		and Practice of Sequence Comparison",
	publisher = "Addison-Wesley",
	address = "Reading, Massachusetts",
	year = 1983	}

@article{Schutzenberger61,
	author = "M. P. Sch{\"u}tzenberger",
	title = "A Remark on Finite Transducers",
	journal = "Information and Control",
	volume = 4,
	pages = "185--196",
	year = 1961	}

@inproceedings{Schutzenberger75,
	author = "M. P. Sch{\"u}tzenberger",
	title = "Sur les Relations Rationelles",
	booktitle = "Automata theory and formal languages: 2nd GI Conference",
	volume = 33,
	pages = "209--213",
	year = 1975	}

@article{Schutzenberger77,
	author = "M. P. Sch{\"u}tzenberger",
	title = "Sur une Variante des Fonctions S{\'e}quentielles",
	journal = TCS,
	volume = 4,
	pages = "47--57",
	year = 1977	}

@article{Sellers74a,
	author = "P. H. Sellers",
	title = "On the Theory and Computation of Evolutionary Distances",
	journal = "SIAM J. Appl. Math.",
	volume = 26,
	number = 4,
	pages = "787--793",
	year = 1974	}

@article{Sellers74b,
	author = "P. H. Sellers",
	title = "An Algorithm for the Distance between Two Finite
		Sequences",
	journal = "J. Combinatorial Theory",
	volume = 16,
	pages = "253--258",
	year = 1974	}

@article{Sellers80,
	author = "P. H. Sellers",
	title = "The Theory and Computation of Evolutionary Distances:
		Pattern Recognition",
	journal = "J. of Algorithms",
	volume = 1,
	pages = "359--373",
	year = 1980	}

@article{Tarjan72,
	author = "Robert E. Tarjan",
	title = "Depth-first Search and Linear Graph Algorithms",
	journal = SICOMP,
	volume = 1,
	number = 2,
	pages = "146--160",
	year = 1972	}

@article{Ukkonen85,
	author = "Esko Ukkonen",
	title = "Finding Approximate Patterns in Strings",
	journal = "J. of Algorithms",
	volume = 6,
	pages = "132--137",
	year = 1985	}

@book{SloatTaylorHoard78,
	author = "Clarence Sloat and Sharon Henderson Taylor and
		James E. Hoard",
	title = "Introduction to Phonology",
	publisher = "Prentice-Hall",
	address = "Englewood Cliffs, NJ",
	year = 1978	}

@article{WagnerFischer74,
	author = "R. A. Wagner and M. J. Fischer",
	title = "The String-to-String Correction Problem",
	journal = JACM,
	volume = 21,
	number = 1,
	pages = "168--178",
	year = 1974	}

@inproceedings{Weiner73,
	author = "P. Weiner",
	title = "Linear Pattern Matching Algorithms",
	booktitle = "Proceedings of the 14th Annual Symposium on Switching
		and Automata Theory",
	pages = "1--11",
	year = 1973	}

@book{Wiederhold77,
	author = "Gio Wiederhold",
	title = "Database Design",
	publisher = "McGraw-Hill",
	address = "New York",
	year = 1977	}

@book{Wood87,
	author = "Derick Wood",
	title = "Theory of Computation",
	publisher = "Harper \& Row",
	address = "New York",
	year = 1987	}

@article{Yao79,
	author = "Andrew Chi-Chih Yao",
	title = "The Complexity of Pattern Matching for a Random String",
	journal = SICOMP,
	volume = 8,
	number = 3,
	pages = "368--387",
	year = 1979	}

@article{ADKF70,
	author = "V. L. Arlazarov and E. A. Dinic and M. A. Kronrod
		and I. A. Farad\v{z}ev",
	title = "On Economical Construction of the Transitive Closure of an
		Oriented Graph",
	journal = "Doklady Akademii Nauk SSSR",
	volume = 194,
	number = 3,
	pages = "487--488",
	year = 1970	}

@book{BSG79,
	author = "J. G. Burch and F. R. Strater and G. Grudnitski",
	title = "Information Systems---Theory and Practice, 2nd ed.",
	address = "New York",
	publisher = "Wiley",
	year = 1979	}

@article{ES77,
	author = "J. Eve and R. Kurki-Suonio",
	title = "On Computing the Transitive Closure of a Relaiton",
	journal = "Acta Informatica",
	volume = 8,
	pages = "303--314",
	year = 1977	}

@book{key19,
	title = "Computers and intractability---A Guide to the Theory
		of {NP}-Completeness",
	author = "M. R. Garey and D. S. Johnson",
	publisher = "Freeman",
	address = "San Francisco",
	year = 1979	}

@article{Hartigan67,
	author = "J. A. Hartigan",
	title = "Representation of Similarity Matrices by Trees",
	journal = JASA,
	volume = 62,
	pages = "1140--1158",
	year = 1967	}

@article{JosephWong79,
	author = "D. M. Joseph and R. L. Wong",
	journal = "Meth. Inform. Med.",
	number = 4,
	title = "Correction of Misspellings and Typographical Errors in a
		Free-Text Medical {E}nglish Information Storage and Retrieval
		System",
	volume = 18,
	pages =	"228--234",
	year = 1979	}

@article{Levenshtein65,
	author = "V. I. Levenshtein",
	title = "Binary Codes Capable of Correcting Deletions, Insertions,
		and Reversals",
	journal = "Doklady Akademii Nauk SSSR",
	volume = 163,
	number = 4,
	pages = "845--848",
	year = 1965	}

@article{LowranceWagner75,
	author = "R. Lowrance and R. A. Wagner",
	title = "An Extension of the String-to-String Correction Problem",
	journal = JACM,
	volume = 22,
	number = 2,
	pages = "177--183",
	year = 1975	}

@article{Newcombe67,
	author = "Howard B. Newcombe",
	title = "Record Linking---The Design of Efficient Systems for
		Linking Records into Individual and Family Histories",
	journal = "Am. J. Hu. Gen.",
	volume = 19,
	number = 3,
	pages =	"335--359",
	year = 1967	}

@article{RabinScott59,
	author = "M. O. Rabin and D. Scott",
	title = "Finite Automata and Their Decision Problems",
	journal = "IBM J. Res. and Dev.",
	volume = 3,
	number = 2,
	pages =	"114--125",
	year = 1959	}

@book{TsichritzisLochovsky77,
	author = "Dionysios C. Tsichritzis and Frederick H. Lochovsky",
	title =	"Data Base Management Systems",
	address = "New York",
	publisher = "Academic Press",
	year = 1977	}

@inproceedings{Wagner75,
	author = "R. A. Wagner",
	title = "On the Complexity of the Extended String-to-String
		Correction Problem",
	booktitle = "Proc. 7th Ann. ACM Symp. on Theory of Computing",
	publisher = "Association for Computing Machinery",
	pages = "218--223",
	year = 1975	}

@article{WSB76,
	author = "M. S. Waterman and T. F. Smith and W. A. Beyer",
	title = "Some Biological Sequence Metrics",
	journal = "Advances in mathematics",
	pages = "367--387",
	volume = 20,
	year = 1976	}

@inproceedings{Barth85,
	author = "Gerhard Barth",
	title = "Relating the Average-Case Costs of the Brute-Force and
		{K}nuth-{M}orris-{P}ratt String Matching Algorithm",
	booktitle = "Combinatorial Algorithms on Words,
		NATO ASI Series, Vol. F12",
	editor = "Alberto Apostolico and Zvi Galil",
	publisher = "Springer-Verlag",
	address = "Heidelberg",
	pages = "45--58",
	year = 1985	}

@inproceedings{Odlyzko85,
	author = "A. M. Odlyzko",
	title = "Enumeration of Strings",
	booktitle = "Combinatorial Algorithms on Words,
		NATO ASI Series, Vol. F12",
	editor = "Alberto Apostolico and Zvi Galil",
	publisher = "Springer-Verlag",
	address = "Heidelberg",
	pages = "205--228",
	year = 1985	}

@book{Sedgewick83,
	author = "Robert Sedgewick",
	title = "Algorithms",
	publisher = "Addison-Wesley",
	address = "Reading, Mass",
	year = 1983	}

@inproceedings{GuibasOdlyzko77,
	author = "Leo J. Guibas and Andrew M. Odlyzko",
	title = "A New Proof of the Linearity of the {B}oyer-{M}oore
		String Searching Algorithm",
	booktitle = "Proceedings of the 18th Annual IEEE Symposium on
		the Foundations of Computer Science",
	pages = "189--195",
	year = 1977	}

@inproceedings{GalilSeiferas77,
	author = "Zvi Galil and Joel Seiferas",
	title = "Saving Space in Fast String-Matching",
	booktitle = "Proceedings of the 18th Annual IEEE Symposium on
		the Foundations of Computer Science",
	pages = "179--188",
	year = 1977	}

@inproceedings{Gonnet83,
	author = "Gaston H. Gonnet",
	title = "Unstructured Data Bases or Very Efficient Text
		Searching",
	booktitle = "Proceedings of the 2nd Annual ACM Symposium on
		Principles of Database Systems",
	pages = "117--124",
	year = 1983	}
