@techreport{McPhersonJohnson72,
	code = 5,
	author = "D. McPherson and J. H. Johnson",
	year = 1972,
	title = "{LSF}: An Interpreter for a Class of Least Squares Fitting
		Problems",
	institution = "Atomic Energy of Canada Limited",
	number = "AECL-3415",
	address = "Chalk River, Ontario"	}

@techreport{JohnsonBlair73,
	code = 5,
	author = "J. H. Johnson and J. M. Blair",
	year = 1973,
	title = "{REMES}2: A {FORTRAN} Program to Calculate Rational Minimax
		Approximations to a Given Function",
	institution = "Atomic Energy of Canada Limited",
	number = "AECL-4210",
	address = "Chalk River, Ontario",
	note = "(82 pages)"	}

@article{Blairal76,
	code = 1,
	author = "J. M. Blair and C. A. Edwards and J. H. Johnson",
	title = "Rational {C}hebyshev Approximations for the Inverse of the
		Error Function",
	year = 1976,
	journal = "Math. of Computation",
	volume = 30,
	number = 136,
	pages = "827--830"	}

@article{Blairal78,
	code = 1,
	author = "J. M. Blair and C. A. Edwards and J. H. Johnson",
	title = "Rational {C}hebyshev Approximations for the {B}ickley
		Functions ${K}i_n(x)$",
	year = 1978,
	journal = "Math. of Computation",
	volume = 32,
	number = 143,
	pages = "878--886"	}

@inproceedings{Colledgeal78,
	code = 2,
	author = "Michael J. Colledge and J. Howard Johnson and Robert Par\'e
		and Innis G. Sande",
	title = "Large Scale Imputation of Survey Data",
	year = 1978,
	booktitle = "Proceedings of the section on survey research methods",
	publisher = "American Statistical Association",
	pages = "431--436"	}

@article{BoothJohnson82,
	code = 1,
	author = "Kellogg S. Booth and J. Howard Johnson",
	title = "Dominating Sets in Chordal Graphs",
	year = 1982,
	journal = sicomp,
	volume = 11,
	number = 1,
	pages = "191--199"	}

@phdthesis{Johnson83,
	code = 5,
	author = "J. Howard Johnson",
	title = "Formal Models for String Similarity",
	school = "University of Waterloo",
	year = 1983,
	note = "Available as University of Waterloo Research
		Report CS--83--32 (128 pages)"	}

@inproceedings{Johnson85,
	code = 2,
	author = "J. Howard Johnson",
	title = "Do Rational Equivalence Relations have Regular
		Cross-Sections?",
	booktitle = "Proceedings of the 12th International Conference
		on Automata, Languages, and Programming",
	publisher = "Springer-Verlag LNCS 194",
	pages = "300--309",
	year = 1985	}

@inproceedings{JohnsonI86,
	code = 2,
	author = "J. Howard Johnson",
	title = "Rational Equivalence Relations",
	booktitle = "Proceedings of the 13th International Conference
		on Automata, Languages, and Programming",
	publisher = "Springer-Verlag LNCS 226",
	pages = "167--176",
	year = 1986	}

@article{Johnson86,
	code = 1,
	author = "J. Howard Johnson",
	title = "Rational Equivalence Relations",
	journal = TCS,
	volume = 47,
	pages = "39--60",
	year = 1986	}

@techreport{tJohnson86,
	code = 5,
	author = "J. Howard Johnson",
	title = "Rational Equivalence Relations",
	institution = "University of Waterloo",
	number = "CS-86-16",
	year = 1986,
	note = "Published in Theoretical Computer Science (25 pages)"	}

@techreport{tJohnson87,
	code = 5,
	author = "J. Howard Johnson",
	title = "Single-Valued Finite Transduction",
	institution = "University of Waterloo",
	number = "CS-86-59",
	year = 1986,
	note = "Published in the proceedings of ICALP87 (without proofs)
		and submitted to Theoretical Computer Science
		in updated form under the title ``A Unified
		Framework for Disambiguating Finite Transductions''
		(32 pages)"	}

@misc{INR,
	code = 4,
	author = "J. Howard Johnson",
	title = "{INR}: A Program for Computing Finite Automata",
	note = "Manuscript (24 pages)",
	year = 1986	}

@article{Problems,
	code = 5,
	author = "J. Howard Johnson",
	title = "Problems {P}130, {P}131, {P}132, {P}133",
	journal = "Bulletin of the European Association for Theoretical
		Computer Science",
	year = 1986,
	pages = "260--261",
	month = "October",
	volume = 30	}

@article{Solution130,
	code = 5,
	author = "J. Howard Johnson",
	title = "Solution to {P}130",
	journal = "Bulletin of the European Association for Theoretical
		Computer Science",
	year = 1987,
	pages = "273--274",
	month = "February",
	volume = 31	}

@misc{Johnson387,
	code = 1,
	author = "J. Howard Johnson",
	title = "A Unified Framework for Disambiguating Finite Transductions",
	note = "To appear in Theoretical Computer Science (19~pages)",
	year = 1988	}

@inproceedings{JohnsonI87,
	code = 2,
	author = "J. Howard Johnson",
	title = "Single-Valued Finite Transduction",
	booktitle = "Proceedings of the 14th International Conference
		on Automata, Languages, and Programming",
	publisher = "Springer-Verlag LNCS 267",
	pages = "202--211",
	year = 1987	}

@misc{Johnson587,
	code = 4,
	author = "J. Howard Johnson",
	title = "Efficient On-Line Finite Transduction",
	note = "Manuscript (19~pages)",
	year = 1987	}

@misc{Johnson687,
	code = 4,
	author = "J. Howard Johnson",
	title = "Specification of Subsequential Transductions",
	note = "Manuscript (16~pages)",
	year = 1987	}

@misc{KGJT87,
	code = 4,
	author = "Rick Kazman and Gaston H. Gonnet and J. Howard Johnson
		and Frank W. Tompa",
	title = "Structuring Text through Finite State Transduction",
	note = "Manuscript (33~pages)",
	year = 1987	}
